@article{Bloometal2006,
    author = {J. D. Bloom and S. T. Labthavikul and C. R. Otey and F. H. Arnold},
    title = {Protein stability promotes evolvability},
    journal = {Proc. Natl. Acad. Sci. USA},
    volume = 103,
    pages = {5869--5874},
    year = 2006
}

@article{Rothlisberger2008,
    author = {D. R\"o{}thlisberger and O. Khersonsky and A. M. Wollacott and L. Jiang and J. DeChancie and J. Betker and J. L. Gallaher and E. A. Althoff and A. Zanghellini and O. Dym and S. Albeck and K. N. Houk and D. S. Tawfik and D. Baker},
    journal = {Nature},
    volume = 453,
    pages = {190--195},
    year = 2008,
    title = {Kemp elimination catalysts by computational enzyme design}
}



@article{LeaverFayetal2011,
        author = {Leaver-Fay, A. and Tyka, M. and Lewis, S. M. and Lange, O. F. and Thompson, J. and Jacak, R. and Kaufman, K. and Renfrew, D. P. and Smith, C. A. and Sheffler, W. and Davis, I. W. and Cooper, S. and Treuille, A. and Mandell, D. J. and Richter, F. and Ban, Y.-E. A. and Fleishman, S. J. and Corn, J. E. and Kim, D. E. and Lyskov, S. and Berrondo, M. and Mentzer, S. and Popovi\'c, Z. and Havranek, J. J. and Karanicolas, J. and Das, R. and Meiler, J. and Kortemme, T. and Gray, J. J. and Kuhlman, B. and Baker, D. and Bradley, P.},
        journal = {Methods in Enzymology},
        volume = 487,
        pages = {545--574},
        year = 2011,
        title = {{ROSETTA3:} an object-oriented software suite for the simulation and design of macromolecules}
}

@article{OllikainenKortemme,
    author = {N. Ollikainen and T. Kortemme},
    title = {Computational protein design quantifies structural constraints on amino acid covariation},
    note = {submitted},
    year = 2013
}

@article{Franzosa2009,
    author = {Franzosa, E. A. and Xia, Y},
    journal = {Mol. Biol. Evol.},
    pages = {2387--2395},
    title = {Structural determinants of protein evolution are context-sensitive at the residue level},
    volume = {26},
    year = {2009}
}

@article{Smith2011,
    author = {Smith, C. A. and Kortemme, T.},
    journal = {PloS ONE},
    pages = {e20451},
    title = {Predicting the tolerated sequences for proteins and protein interfaces using RosettaBackrub flexible backbone design},
    volume = {6},
    year = {2011}
}

@article{Ramsey2011,
    author = {Ramsey, D. C. and Scherrer, M. P. and Zhou, T. and Wilke, C. O.},
    journal = {Genetics},
    pages = {479--488},
    title = {The relationship between relative solvent accessibility and evolutionary rate in protein evolution},
    volume = {188},
    year = {2011}
}

@article{Smith2008,
    author = {Smith, C. A. and Kortemme, T.},
    journal = {J. Mol. Biol.},
    pages = {742--456},
    title = {Backrub-like backbone simulation recapitulates natural protein conformational variability and improves mutant side-chain prediction},
    volume = {380},
    year = {2008}
}

@article{Katoh2002,
    author = {Katoh, K. and Misawa, K. and Kuma, K.-I. and Miyata, T.},
    journal = {Nucl. Acids Res.},
    pages = {3059--3066},
    title = {MAFFT: a novel method for rapid multiple sequence alignment based on fast Fourier transform},
    volume = {30},
    year = {2002}
}

@article{Der2011,
    author = {Der, B. S. and Kuhlman, B.},
    journal = {Science},
    pages = {801--802},
    title = {Biochemistry. {From} computational design to a protein that binds},
    volume = {332},
    year = {2011}
}

@article{Fleishman2011,
    author = {Fleishman, S. J. and Whitehead, T. A. and Ekiert, D. C. and Dreyfus, C. and Corn, J. E. and Strauch, E.-M. and Wilson, I. A. and Baker, D.},
    journal = {Science},
    pages = {816--821},
    title = {Computational design of proteins targeting the conserved stem region of influenza hemagglutinin},
    volume = {332},
    year = {2011}
}

@article{Kabsch1983,
    author = {Kabsch, W. and Sander, C.},
    journal = {Biopolymers},
    pages = {2577--2637},
    title = {Dictionary of protein secondary structure: pattern recognition of hydrogen-bonded and geometrical features},
    volume = {22},
    year = {1983}
}

@article{Tien,
    author = {Tien, M. A. and Meyer, A. G. and Spielman, S. J. and Wilke, C. O.},
    journal = {arxiv.org},
    pages = {arXiv:1211.4251v2},
    year = 2013,
    title = {Maximum allowed solvent accessibilites of residues in proteins}
}

@article{Butterfoss2006,
    author = {Butterfoss, G. L. and Kuhlman, B.},
    journal = {Ann. Rev. Biophys. Biomol. Struct.},
    pages = {49--65},
    title = {Computer-based design of novel protein structures},
    volume = {35},
    year = {2006}
}

@article{Das2008,
    author = {Das, R. and Baker, D.},
    journal = {Ann. Rev. Biochem.},
    pages = {363--382},
    title = {Macromolecular modeling with rosetta},
    volume = {77},
    year = {2008}
}

@article{Drummond2008,
    author = {Drummond, D. A. and Wilke, C. O.},
    journal = {Cell},
    pages = {341--352},
    title = {Mistranslation-induced protein misfolding as a dominant constraint on coding-sequence evolution},
    volume = {134},
    year = {2008}
}

@article{Edgar2004,
    author = {Edgar, R. C.},
    journal = {Nucl. Acids Res.},
    pages = {1792--1797},
    title = {{MUSCLE:} multiple sequence alignment with high accuracy and high throughput},
    volume = {32},
    year = {2004}
}
